[gd_scene load_steps=19 format=1]

[ext_resource path="res://scenes/chatbox/chatbox.tscn" type="PackedScene" id=1]
[ext_resource path="res://scenes/buildings/church_evil.png" type="Texture" id=2]
[ext_resource path="res://scenes/buildings/cimetery_evil.png" type="Texture" id=3]
[ext_resource path="res://assets/GUI/sword.png" type="Texture" id=4]
[ext_resource path="res://scenes/GUI/gui.tscn" type="PackedScene" id=5]
[ext_resource path="res://scenes/world/world.png" type="Texture" id=6]

[sub_resource type="GDScript" id=1]

script/source = "extends Camera2D

# class member variables go here, for example:
# var a = 2
# var b = \"textvar\"

func _ready():
	set_process(true)
	
func _process(delta):
	rotate(delta * PI/18)
"

[sub_resource type="GDScript" id=2]

script/source = "extends Node2D

onready var text = get_node(\"gui/panel/text\")
onready var anim = get_node(\"anim\")

var script = [
	{ \"anim\": \"spells\", \"text\":\"Yo it's God (the developer you know ?). Let me explain you. Here is the spell bar. You have two spells and a toggle. Let's explain them\"},
	{ \"anim\": \"cross\", \"text\":\"Crucifix : throws a pair of cutting crucifix. It's your main weapon, learn to use it.\"},
	{ \"anim\": \"circle\", \"text\":\"Release the Faight : massive explosion doing huge damages and making you invincible for 4 seconds. Careful, it has a 5 seconds cooldown.\"},
	{ \"anim\": \"pray\", \"text\":\"Pray : praying enforce your next spell for every 3 seconds spent praying. Moreover, you must pray to conquer the buildings.\"},
	{ \"anim\": \"xp\", \"text\":\"For every enemy you kill, you gain some experience. With the number, you may take a few levels. Each of them makes your spells stronger and give you one extra health point.\"},
	{ \"anim\": \"health\", \"text\":\"Thoses are your life points; you can't restore your life so take care !\"},
	{ \"anim\": \"church\", \"text\":\"In this small world, there are buildings. Here is the church when being neutral. If the devil conquers it, many satanists will spawn regularly; but if you control it, you will heal ever 15 second !\"},
	{ \"anim\": \"cimetery\", \"text\":\"The cimetery has the power of the ancients. If the devil conquers it, many skeletons will spawn but if you control it, you will have stronger spells !\"},
	{ \"anim\": \"final\", \"text\":\"Now you are ready to fight. My advice, try to level up, maximize your health and never take a damage. Don't let the devil spawn too long, he will flee if you join him; he will spawn an army quickly if you don't. \"},
	{ \"anim\": \"final2\", \"text\":\"... One more thing, after 5 minutes, you will duel the devil, you will need a LOOOT of health and you won't probably win. I never did. Enjoy your journey warrior !\"},
	{ \"anim\": \"final3\", \"text\":\"... Nah just kidding, it's buggy because I had 48h to do it, not the week planned... Anyway, last tip : think about press Shift to sit and aim lower !\"},
]

func _ready():
	set_gui(true)
	pass
	

func tuto():
	anim.play(\"first\")
	
var idx = -1
func next():
	if idx == -1: 
		set_gui(false)
		
	idx += 1
	if idx == script.size():
		g_scene_manager.goto_scene(\"test_scene\")
	else:
		text.set_bbcode(script[idx][\"text\"])
		anim.play(script[idx][\"anim\"])

func set_gui(visible):
	var gui = get_node(\"gui\")
	var children = gui.get_children()
	for child in children:
		child.set_hidden(visible)"

[sub_resource type="Animation" id=3]

resource/name = "church"
length = 1.0
loop = false
step = 0.1
tracks/0/type = "value"
tracks/0/path = NodePath("gui/indicator:texture")
tracks/0/interp = 1
tracks/0/imported = false
tracks/0/keys = {
"times": FloatArray( 0 ),
"transitions": FloatArray( 1 ),
"update": 0,
"values": [ ExtResource( 2 ) ]
}
tracks/1/type = "value"
tracks/1/path = NodePath("gui/indicator:transform/rot")
tracks/1/interp = 1
tracks/1/imported = false
tracks/1/keys = {
"times": FloatArray( 0 ),
"transitions": FloatArray( 1 ),
"update": 0,
"values": [ 0.0 ]
}
tracks/2/type = "value"
tracks/2/path = NodePath("gui/indicator:transform/pos")
tracks/2/interp = 1
tracks/2/imported = false
tracks/2/keys = {
"times": FloatArray( 0 ),
"transitions": FloatArray( 1 ),
"update": 0,
"values": [ Vector2( 560, 370 ) ]
}

[sub_resource type="Animation" id=4]

resource/name = "cimetery"
length = 1.0
loop = false
step = 0.1
tracks/0/type = "value"
tracks/0/path = NodePath("gui/indicator:texture")
tracks/0/interp = 1
tracks/0/imported = false
tracks/0/keys = {
"times": FloatArray( 0 ),
"transitions": FloatArray( 1 ),
"update": 0,
"values": [ ExtResource( 3 ) ]
}
tracks/1/type = "value"
tracks/1/path = NodePath("gui/indicator:transform/rot")
tracks/1/interp = 1
tracks/1/imported = false
tracks/1/keys = {
"times": FloatArray( 0 ),
"transitions": FloatArray( 1 ),
"update": 0,
"values": [ 0.0 ]
}
tracks/2/type = "value"
tracks/2/path = NodePath("gui/indicator:transform/pos")
tracks/2/interp = 1
tracks/2/imported = false
tracks/2/keys = {
"times": FloatArray( 0 ),
"transitions": FloatArray( 1 ),
"update": 0,
"values": [ Vector2( 560, 370 ) ]
}

[sub_resource type="Animation" id=5]

resource/name = "circle"
length = 1.0
loop = false
step = 0.1
tracks/0/type = "value"
tracks/0/path = NodePath("gui/indicator:transform/rot")
tracks/0/interp = 1
tracks/0/imported = false
tracks/0/keys = {
"times": FloatArray( 0, 0.5 ),
"transitions": FloatArray( 1, 1 ),
"update": 0,
"values": [ 180.0, 180.0 ]
}
tracks/1/type = "value"
tracks/1/path = NodePath("gui/indicator:transform/pos")
tracks/1/interp = 1
tracks/1/imported = false
tracks/1/keys = {
"times": FloatArray( 0, 0.5 ),
"transitions": FloatArray( 1, 1 ),
"update": 0,
"values": [ Vector2( 330, 610 ), Vector2( 420, 610 ) ]
}

[sub_resource type="Animation" id=6]

resource/name = "cross"
length = 1.0
loop = false
step = 0.1
tracks/0/type = "value"
tracks/0/path = NodePath("gui/indicator:transform/rot")
tracks/0/interp = 1
tracks/0/imported = false
tracks/0/keys = {
"times": FloatArray( 0, 0.5 ),
"transitions": FloatArray( 1, 1 ),
"update": 0,
"values": [ 180.0, 180.0 ]
}
tracks/1/type = "value"
tracks/1/path = NodePath("gui/indicator:transform/pos")
tracks/1/interp = 1
tracks/1/imported = false
tracks/1/keys = {
"times": FloatArray( 0, 0.5 ),
"transitions": FloatArray( 1, 1 ),
"update": 0,
"values": [ Vector2( 510, 610 ), Vector2( 330, 610 ) ]
}

[sub_resource type="Animation" id=7]

resource/name = "first"
length = 3.0
loop = false
step = 0.1
tracks/0/type = "method"
tracks/0/path = NodePath(".")
tracks/0/interp = 1
tracks/0/imported = false
tracks/0/keys = {
"times": FloatArray( 0 ),
"transitions": FloatArray( 1 ),
"values": [ {
"args": [  ],
"method": "next"
} ]
}

[sub_resource type="Animation" id=8]

length = 1.0
loop = false
step = 0.1
tracks/0/type = "value"
tracks/0/path = NodePath("gui/indicator:transform/rot")
tracks/0/interp = 1
tracks/0/imported = false
tracks/0/keys = {
"times": FloatArray( 0, 0.5 ),
"transitions": FloatArray( 1, 1 ),
"update": 0,
"values": [ 26.9009, -48.8314 ]
}
tracks/1/type = "value"
tracks/1/path = NodePath("gui/indicator:transform/pos")
tracks/1/interp = 1
tracks/1/imported = false
tracks/1/keys = {
"times": FloatArray( 0, 0.5 ),
"transitions": FloatArray( 1, 1 ),
"update": 0,
"values": [ Vector2( 170, 80 ), Vector2( 860, 120 ) ]
}

[sub_resource type="Animation" id=9]

length = 1.0
loop = false
step = 0.1
tracks/0/type = "value"
tracks/0/path = NodePath("gui/indicator:transform/rot")
tracks/0/interp = 1
tracks/0/imported = false
tracks/0/keys = {
"times": FloatArray( 0, 0.5 ),
"transitions": FloatArray( 1, 1 ),
"update": 0,
"values": [ 180.0, 180.0 ]
}
tracks/1/type = "value"
tracks/1/path = NodePath("gui/indicator:transform/pos")
tracks/1/interp = 1
tracks/1/imported = false
tracks/1/keys = {
"times": FloatArray( 0, 0.5 ),
"transitions": FloatArray( 1, 1 ),
"update": 0,
"values": [ Vector2( 420, 610 ), Vector2( 510, 610 ) ]
}

[sub_resource type="Animation" id=10]

length = 1.0
loop = false
step = 0.1
tracks/0/type = "value"
tracks/0/path = NodePath("gui/indicator:texture")
tracks/0/interp = 1
tracks/0/imported = false
tracks/0/keys = {
"times": FloatArray( 0 ),
"transitions": FloatArray( 1 ),
"update": 0,
"values": [ ExtResource( 4 ) ]
}
tracks/1/type = "value"
tracks/1/path = NodePath("gui/indicator:transform/rot")
tracks/1/interp = 1
tracks/1/imported = false
tracks/1/keys = {
"times": FloatArray( 0 ),
"transitions": FloatArray( 1 ),
"update": 0,
"values": [ 180.0 ]
}
tracks/2/type = "value"
tracks/2/path = NodePath("gui/indicator:transform/pos")
tracks/2/interp = 1
tracks/2/imported = false
tracks/2/keys = {
"times": FloatArray( 0 ),
"transitions": FloatArray( 1 ),
"update": 0,
"values": [ Vector2( 510, 610 ) ]
}

[sub_resource type="Animation" id=11]

length = 1.0
loop = false
step = 0.1
tracks/0/type = "value"
tracks/0/path = NodePath("gui/indicator:transform/rot")
tracks/0/interp = 1
tracks/0/imported = false
tracks/0/keys = {
"times": FloatArray( 0, 0.5 ),
"transitions": FloatArray( 1, 1 ),
"update": 0,
"values": [ 180.0, 26.9009 ]
}
tracks/1/type = "value"
tracks/1/path = NodePath("gui/indicator:transform/pos")
tracks/1/interp = 1
tracks/1/imported = false
tracks/1/keys = {
"times": FloatArray( 0, 0.5 ),
"transitions": FloatArray( 1, 1 ),
"update": 0,
"values": [ Vector2( 510, 610 ), Vector2( 170, 80 ) ]
}

[sub_resource type="GDScript" id=12]

script/source = "extends Button

func _pressed():
	g_scene_manager.goto_scene(\"test_scene\")"

[node name="intro" type="Node2D"]

[node name="camera" type="Camera2D" parent="."]

anchor_mode = 1
rotating = true
current = true
zoom = Vector2( 1.2, 1.2 )
limit/left = -10000000
limit/top = -10000000
limit/right = 10000000
limit/bottom = 10000000
drag_margin/h_enabled = true
drag_margin/v_enabled = true
smoothing/enable = false
smoothing/speed = 5.0
drag_margin/left = 0.2
drag_margin/top = 0.2
drag_margin/right = 0.2
drag_margin/bottom = 0.2
script/script = SubResource( 1 )

[node name="chatbox" parent="camera" instance=ExtResource( 1 )]

margin/left = -480.0
margin/top = 290.0
margin/right = 472.0
margin/bottom = 450.0
dialogue_id = "intro1"

[node name="tuto" type="Node2D" parent="." groups=[
"tuto",
]]

script/script = SubResource( 2 )

[node name="anim" type="AnimationPlayer" parent="tuto"]

playback/process_mode = 1
playback/default_blend_time = 0.0
root/root = NodePath("..")
anims/church = SubResource( 3 )
anims/cimetery = SubResource( 4 )
anims/circle = SubResource( 5 )
anims/cross = SubResource( 6 )
anims/first = SubResource( 7 )
anims/health = SubResource( 8 )
anims/pray = SubResource( 9 )
anims/spells = SubResource( 10 )
anims/xp = SubResource( 11 )
playback/active = true
playback/speed = 1.0
blend_times = [  ]
autoplay = ""

[node name="gui" parent="tuto" instance=ExtResource( 5 )]

[node name="indicator" type="Sprite" parent="tuto/gui"]

transform/pos = Vector2( 560, 370 )
texture = ExtResource( 4 )

[node name="panel" type="Panel" parent="tuto/gui"]

focus/ignore_mouse = false
focus/stop_mouse = true
size_flags/horizontal = 2
size_flags/vertical = 2
margin/left = 710.0
margin/top = 220.0
margin/right = 1020.0
margin/bottom = 520.0

[node name="text" type="RichTextLabel" parent="tuto/gui/panel"]

focus/ignore_mouse = false
focus/stop_mouse = true
size_flags/horizontal = 2
size_flags/vertical = 2
margin/left = 10.0
margin/top = 10.0
margin/right = 300.0
margin/bottom = 290.0
bbcode/enabled = true
bbcode/bbcode = ""
visible_characters = -1

[node name="next" type="Button" parent="tuto/gui/panel"]

focus/ignore_mouse = false
focus/stop_mouse = true
size_flags/horizontal = 2
size_flags/vertical = 2
margin/left = 110.0
margin/top = 270.0
margin/right = 200.0
margin/bottom = 290.0
toggle_mode = false
enabled_focus_mode = 2
shortcut = null
text = "Next"
flat = false

[node name="skip" type="Button" parent="tuto/gui/panel"]

focus/ignore_mouse = false
focus/stop_mouse = true
size_flags/horizontal = 2
size_flags/vertical = 2
margin/left = 260.0
margin/top = 270.0
margin/right = 298.0
margin/bottom = 290.0
toggle_mode = false
enabled_focus_mode = 2
shortcut = null
text = "Skip"
flat = false
script/script = SubResource( 12 )

[node name="Sprite" type="Sprite" parent="."]

z/z = -100
texture = ExtResource( 6 )

[connection signal="pressed" from="tuto/gui/panel/next" to="tuto" method="next"]


[editable path="camera/chatbox"]
