[gd_scene load_steps=12 format=1]

[ext_resource path="res://assets/GUI/sounds/click.wav" type="Sample" id=1]
[ext_resource path="res://assets/doublages/intro2.wav" type="Sample" id=2]
[ext_resource path="res://assets/doublages/intro3.wav" type="Sample" id=3]
[ext_resource path="res://assets/doublages/intro4.wav" type="Sample" id=4]
[ext_resource path="res://assets/doublages/intro5.wav" type="Sample" id=5]
[ext_resource path="res://assets/doublages/intro6.wav" type="Sample" id=6]
[ext_resource path="res://assets/doublages/intro7.wav" type="Sample" id=7]
[ext_resource path="res://assets/textures/devil_preview.png" type="Texture" id=8]

[sub_resource type="GDScript" id=1]

script/source = "extends Panel

# The ID of dialogue to show
export var dialogue_id = \"test\"

# The text node
onready var text_node = get_node(\"./text\")

# The button to press next / close
onready var next_node = get_node(\"./next\")

onready var sound = get_node(\"sound_player\")

# Current text data
var text_data = null

#
#	Enter tree
#
func _enter_tree():
	add_to_group(\"chatbox\")
	

#
#	Ready
#
func _ready():
	set_dialog(dialogue_id)

#
#	Set the dialog to show
#
func set_dialog(dialog_id):
	if g_dialogs.dialogs.has(dialog_id):
		set_hidden(false)
		text_data = g_dialogs.dialogs[dialog_id]
		
		# Update dialog text
		text_node.set_process_text( text_data[\"text\"] )
		
		# Button text
		if text_data.has(\"next\"):
			next_node.set_text(tr(\"NEXT\"))
		else:
			next_node.set_text(tr(\"CLOSE\"))
			
		if text_data.has(\"texture\"):
			get_node(\"sprite\").set_texture(load(text_data[\"texture\"]))
			

#
#	Callback when next button is pressed
#
func _on_next_pressed():
	text_node.reset()
	
	# Go to next dialog
	if text_data.has(\"next\"):
		set_dialog(text_data[\"next\"])
		sound.play(text_data[\"sound\"])
	else:
		set_hidden(true)
		if text_data.has(\"call_group_and_method\"):
			get_tree().call_group(0, text_data[\"call_group_and_method\"], text_data[\"call_group_and_method\"]) 

#
#	Exit tree
#
func _exit_tree():
	remove_from_group(\"chatbox\")
	"

[sub_resource type="GDScript" id=2]

script/source = "extends RichTextLabel

# The duration between two letters
export var DURATION_TO_NEXT_LETTER = 0.01 # second

# The text to display
var text = \"\"

# Counter
var current_letter_duration = 0

#
#	Ready
#
func _ready():
	set_visible_characters(0)

#
# Update
#
func _process(delta):
	if get_visible_characters() <= text.length():
		current_letter_duration += delta
		
		if current_letter_duration >= DURATION_TO_NEXT_LETTER:
			current_letter_duration = 0
			set_visible_characters( get_visible_characters() + 1)
	else:
		set_process(false)

#
#	Set the text to display and lunch process
#
func set_process_text(p_text):
	text = p_text
	set_bbcode(p_text)
	set_process( p_text != \"\" )
	
#
#	Reset
#
func reset():
	set_visible_characters(0)"

[sub_resource type="SampleLibrary" id=3]

samples/click = {
"db": 0.0,
"pitch": 1.0,
"priority": 0,
"sample": ExtResource( 1 )
}
samples/intro2 = {
"db": 0.0,
"pitch": 1.0,
"priority": 0,
"sample": ExtResource( 2 )
}
samples/intro3 = {
"db": 0.0,
"pitch": 1.0,
"priority": 0,
"sample": ExtResource( 3 )
}
samples/intro4 = {
"db": 0.0,
"pitch": 1.0,
"priority": 0,
"sample": ExtResource( 4 )
}
samples/intro5 = {
"db": 0.0,
"pitch": 1.0,
"priority": 0,
"sample": ExtResource( 5 )
}
samples/intro6 = {
"db": 0.0,
"pitch": 1.0,
"priority": 0,
"sample": ExtResource( 6 )
}
samples/intro7 = {
"db": 0.0,
"pitch": 1.0,
"priority": 0,
"sample": ExtResource( 7 )
}

[node name="chatbox" type="Panel"]

focus/ignore_mouse = false
focus/stop_mouse = true
size_flags/horizontal = 2
size_flags/vertical = 2
margin/left = 64.0
margin/top = 608.0
margin/right = 1016.0
margin/bottom = 768.0
script/script = SubResource( 1 )
dialogue_id = "intro1"

[node name="text" type="RichTextLabel" parent="."]

focus/ignore_mouse = false
focus/stop_mouse = true
size_flags/horizontal = 2
size_flags/vertical = 2
margin/left = 156.0
margin/top = 8.0
margin/right = 928.0
margin/bottom = 112.0
bbcode/enabled = true
bbcode/bbcode = ""
visible_characters = -1
script/script = SubResource( 2 )
DURATION_TO_NEXT_LETTER = 0.01

[node name="next" type="Button" parent="."]

focus/ignore_mouse = false
focus/stop_mouse = true
size_flags/horizontal = 2
size_flags/vertical = 2
margin/left = 376.0
margin/top = 120.0
margin/right = 576.0
margin/bottom = 144.0
toggle_mode = false
enabled_focus_mode = 2
shortcut = null
text = "NEXT"
flat = false

[node name="sound_player" type="SamplePlayer2D" parent="."]

params/volume_db = 0.0
params/pitch_scale = 1.0
params/attenuation/min_distance = 1.0
params/attenuation/max_distance = 2048.0
params/attenuation/distance_exp = 1.0
config/polyphony = 1
config/samples = SubResource( 3 )
config/pitch_random = 0.0

[node name="sprite" type="Sprite" parent="."]

transform/pos = Vector2( 86, 82 )
transform/scale = Vector2( 1.6, 1.6 )
texture = ExtResource( 8 )

[connection signal="pressed" from="next" to="." method="_on_next_pressed"]

[connection signal="pressed" from="next" to="sound_player" method="play" binds= [ "click" ]]


